@book{ BD02779111,
  author    = "{Repin, Ilʹi︠a︡ Efimovich}",
  title     = "Воспоминания о современниках : десять писем об искусстве",
  publisher = "Пальмира : Т8 Издательские технологии",
  year      = "2023",
  series    = "Пальмира искусство",
  number    = "",
  URL       = "https://ci.nii.ac.jp/ncid/BD02779111"
}


@book { R300000001-I000000904943-00,
author = "{嵯峨公業 著}",
title = "レーピン",
series = "",
number = "",
edition = "",
publisher = "三杏社",
year = "1952",
URL = "http://id.ndl.go.jp/bib/000000904943"
}

@book { R300000001-I000000957050-00,
author = "{福田新生 著}",
title = "レーピン伝",
series = "",
number = "",
edition = "",
publisher = "洋々社",
year = "1956",
URL = "http://id.ndl.go.jp/bib/000000957050"
}

@book { R300000001-I000001277896-00,
author = "{モスクヴィノフ, モルグノワ=ルドニツカヤ 著 and 本田純一 訳・編}",
title = "レーピン : 19世紀ロシアの画家",
series = "美術選書",
number = "",
edition = "",
publisher = "美術出版",
year = "1973",
URL = "http://id.ndl.go.jp/bib/000001277896"
}

@book{ BC03588767,
  author    = "{Repin, Ilʹi︠a︡ Efimovich}",
  title     = "Об искусстве : живопись, литература, музыка",
  publisher = "Слово/Slovo",
  year      = "2019",
  URL       = "https://ci.nii.ac.jp/ncid/BC03588767"
}

